% How to cite webpage: https://tex.stackexchange.com/questions/3587/how-can-i-use-bibtex-to-cite-a-web-page
@misc{2022sensorreading,
  title = {Microclimate Sensor Readings},
  author = {{City of Melbourne}},
  howpublished = {\url{https://data.melbourne.vic.gov.au/Environment/Microclimate-Sensor-Readings/u4vh-84j8}},
  note = {Accessed: 2022-08-01}
}

@misc{2022sensorlocation,
  title = {Microclimate Sensor Locations},
  author = {{City of Melbourne}},
  howpublished = {\url{https://data.melbourne.vic.gov.au/Environment/Microclimate-Sensor-Locations/irqv-hjr4}},
  note = {Accessed: 2022-08-01}
}
% You should lookup the entries defined in bibtex to properly format your .bib file

@inproceedings{yao2018deep,
  title={Deep multi-view spatial-temporal network for taxi demand prediction},
  author={Yao, Huaxiu and Wu, Fei and Ke, Jintao and Tang, Xianfeng and Jia, Yitian and Lu, Siyu and Gong, Pinghua and Ye, Jieping and Li, Zhenhui},
  booktitle={Proceedings of the AAAI conference on artificial intelligence},
  volume={32},
  number={1},
  year={2018}
}

@inproceedings{ishiguro2018taxi,
  title={Taxi demand forecast using real-time population generated from cellular networks},
  author={Ishiguro, Shin and Kawasaki, Satoshi and Fukazawa, Yusuke},
  booktitle={Proceedings of the 2018 ACM International Joint Conference and 2018 International Symposium on Pervasive and Ubiquitous Computing and Wearable Computers},
  pages={1024--1032},
  year={2018}
}

@article{chen2015xgboost,
  title={Xgboost: extreme gradient boosting},
  author={Chen, Tianqi and He, Tong and Benesty, Michael and Khotilovich, Vadim and Tang, Yuan and Cho, Hyunsu and Chen, Kailong and others},
  journal={R package version 0.4-2},
  volume={1},
  number={4},
  pages={1--4},
  year={2015}
}

@article{sak2014long,
  title={Long short-term memory recurrent neural network architectures for large scale acoustic modeling},
  author={Sak, Hasim and Senior, Andrew W and Beaufays, Fran{\c{c}}oise},
  year={2014}
}

@incollection{patole2022taxi,
  title={Taxi Demand Prediction Using LSTM and Optimized Taxi Geo-distribution},
  author={Patole, Deepti and Mehta, Raj and Mehta, Chintan and Naik, Gautam and Agrawal, Harshita},
  booktitle={Soft Computing and Signal Processing},
  pages={163--172},
  year={2022},
  publisher={Springer}
}

@article{kim2020stepwise,
  title={A stepwise interpretable machine learning framework using linear regression (LR) and long short-term memory (LSTM): City-wide demand-side prediction of yellow taxi and for-hire vehicle (FHV) service},
  author={Kim, Taehooie and Sharda, Shivam and Zhou, Xuesong and Pendyala, Ram M},
  journal={Transportation Research Part C: Emerging Technologies},
  volume={120},
  pages={102786},
  year={2020},
  publisher={Elsevier}
}